<?xml version="1.0" encoding="utf-8"?>
<record xmlns="http://www.loc.gov/MARC21/slim" xmlns:xsi="http://www.w3.org/2001/XMLSchema-instance" xsi:schemaLocation="http://www.loc.gov/MARC21/slim http://www.loc.gov/standards/marcxml/schema/MARC21slim.xsd">
	<leader>     nam a22     Mi 4500</leader>
	<controlfield tag="001">b12540043</controlfield>
	<controlfield tag="003">LeBAU</controlfield>
	<controlfield tag="006">m        d        </controlfield>
	<controlfield tag="007">cr cn |||m|||a</controlfield>
	<controlfield tag="008">200122s1934    le      o     ||0 p ara d</controlfield>
	<datafield ind1=" " ind2=" " tag="040">
		<subfield code="a">ZYU</subfield>
		<subfield code="b">ara</subfield>
		<subfield code="e">rda</subfield>
		<subfield code="c">ZYU</subfield>
	</datafield>
	<datafield ind1="0" ind2="4" tag="082">
		<subfield code="a">892.71</subfield>
		<subfield code="2">22</subfield>
	</datafield>
	<datafield ind1="1" ind2=" " tag="100">
		<subfield code="6">880-01</subfield>
		<subfield code="a">Abū al-Ṣalt, Umayyah ibn ʻAbd al-ʻAzīz,</subfield>
		<subfield code="d">1067 or 1068-1134 or 1135,</subfield>
		<subfield code="e">author.</subfield>
	</datafield>
	<datafield ind1="1" ind2="0" tag="245">
		<subfield code="6">880-02</subfield>
		<subfield code="a">Dīwān Umayyah ibn Abī al-Ṣalt /</subfield>
		<subfield code="c">jamaʻahu wa-waqafa ʻalá ṭabʻihi Bashīr Yamūt.</subfield>
	</datafield>
	<datafield ind1=" " ind2=" " tag="250">
		<subfield code="6">880-03</subfield>
		<subfield code="a">al-Ṭabʻah al-ūlá.</subfield>
	</datafield>
	<datafield ind1=" " ind2="1" tag="264">
		<subfield code="6">880-04</subfield>
		<subfield code="a">Bayrūt :</subfield>
		<subfield code="b">al-Maktabah al-Ahlīyah,</subfield>
		<subfield code="c">1352 H. = 1934 M.</subfield>
	</datafield>
	<datafield ind1=" " ind2=" " tag="300">
		<subfield code="6">880-05</subfield>
		<subfield code="a">online resource (74 pages)</subfield>
	</datafield>
	<datafield ind1=" " ind2=" " tag="336">
		<subfield code="a">text</subfield>
		<subfield code="2">rdacontent</subfield>
	</datafield>
	<datafield ind1=" " ind2=" " tag="337">
		<subfield code="a">computer</subfield>
		<subfield code="2">rdamedia</subfield>
	</datafield>
	<datafield ind1=" " ind2=" " tag="338">
		<subfield code="a">online resource</subfield>
		<subfield code="2">rdacarrier</subfield>
	</datafield>
	<datafield ind1=" " ind2=" " tag="500">
		<subfield code="a">Part of the Arabic Collections Online (ACO) project, contributed by American University of Beirut's Jafet Memorial Library.</subfield>
	</datafield>
	<datafield ind1=" " ind2=" " tag="533">
		<subfield code="a">Electronic reproduction.</subfield>
		<subfield code="b">New York, N.Y. :</subfield>
		<subfield code="c">New York University,</subfield>
		<subfield code="d">2020.</subfield>
		<subfield code="5">NNU</subfield>
	</datafield>
	<datafield ind1=" " ind2="4" tag="655">
		<subfield code="a">شعر.</subfield>
	</datafield>
	<datafield ind1=" " ind2="0" tag="655">
		<subfield code="a">Poetry.</subfield>
	</datafield>
	<datafield ind1="1" ind2=" " tag="700">
		<subfield code="6">880-06</subfield>
		<subfield code="a">Yamūt, Bashīr,</subfield>
		<subfield code="e">compiler.</subfield>
	</datafield>
	<datafield ind1="2" ind2=" " tag="710">
		<subfield code="a">Jafet Memorial Library.</subfield>
	</datafield>
	<datafield ind1="0" ind2=" " tag="730">
		<subfield code="a">Arabic Collections Online.</subfield>
	</datafield>
	<datafield ind1="0" ind2="8" tag="776">
		<subfield code="i">Print version:</subfield>
		<subfield code="a">Abū al-Ṣalt, Umayyah ibn ʻAbd al-ʻAzīz, 1067 or 1068-1134 or 1135, author.</subfield>
		<subfield code="t">Dīwān Umayyah ibn Abī al-Ṣalt</subfield>
		<subfield code="w">(LeBAU)b12540043</subfield>
	</datafield>
	<datafield ind1="4" ind2="0" tag="856">
		<subfield code="u">http://hdl.handle.net/2333.1/6q573xgm</subfield>
	</datafield>
	<datafield ind1="1" ind2=" " tag="880">
		<subfield code="6">100-01</subfield>
		<subfield code="a">ابو الصلت، امية بن عبد العزيز،</subfield>
		<subfield code="d">1067 او 1068-1134 او 1135،</subfield>
		<subfield code="e">مؤلف.</subfield>
		<subfield code="4">aut.</subfield>
	</datafield>
	<datafield ind1="1" ind2="0" tag="880">
		<subfield code="6">245-02</subfield>
		<subfield code="a">ديوان أمية بن أبي الصلت /</subfield>
		<subfield code="c">جمعه ووقف على طبعه بشير يموت.</subfield>
	</datafield>
	<datafield ind1=" " ind2=" " tag="880">
		<subfield code="6">250-03</subfield>
		<subfield code="a">الطبعة الأولى.</subfield>
	</datafield>
	<datafield ind1=" " ind2="1" tag="880">
		<subfield code="6">264-04</subfield>
		<subfield code="a">بيروت :</subfield>
		<subfield code="b">المكتبة الأهلية،</subfield>
		<subfield code="c">1352 هـ. = 1934 م.</subfield>
	</datafield>
	<datafield ind1=" " ind2=" " tag="880">
		<subfield code="6">300-05</subfield>
		<subfield code="a">74 صفحة ؛</subfield>
		<subfield code="c">22 سم</subfield>
	</datafield>
	<datafield ind1="1" ind2=" " tag="880">
		<subfield code="6">700-06</subfield>
		<subfield code="a">يموت، بشير،</subfield>
		<subfield code="e">معد.</subfield>
		<subfield code="4">com.</subfield>
	</datafield>
	<datafield ind1=" " ind2=" " tag="959">
		<subfield code="a">NNU</subfield>
		<subfield code="b">WEB</subfield>
		<subfield code="c">GENI</subfield>
		<subfield code="t">0</subfield>
		<subfield code="m">Electronic access</subfield>
		<subfield code="s">01</subfield>
	</datafield>
	<datafield ind1=" " ind2=" " tag="999">
		<subfield code="i">LeBAU_b12540043</subfield>
		<subfield code="s">aub_aco003441</subfield>
		<subfield code="e">(ERROR-MISC)</subfield>
		<subfield code="s">aub_aco003441</subfield>
	</datafield>
</record>
